@misc{Pac-Man,
  key = {Pac-Man},
  title = {Pac-Man},
  note = {\url{https://fr.wikipedia.org/wiki/Pac-Man}}
}
@misc{algoDijkstra,
  key = {algoDijkstra},
  title = {Algorithme de Dijkstra},
  note = {\url{https://fr.wikipedia.org/wiki/Algorithme_de_Dijkstra}}
}
@misc{sharedPreferences,
  key = {sharedPreferences},
  title = {SharedPreferences},
  note = {\url{http://tutos-android-france.com/sharedpreferences/}}
}
@misc{collections,
  key = {collections},
  title = {Les collections JAVA},
  note = {\url{https://www.jmdoudoux.fr/java/dej/chap-collections.htm}}
}
@misc{concurrence,
  key = {concurrence},
  title = {La concurrence},
  note = {\url{https://fr.wikipedia.org/wiki/Programmation_concurrente}}
}
